%% This BibTeX bibliography file was created using BibDesk.
%% http://bibdesk.sourceforge.net/


%% Created for Mike Frank at 2022-02-07 21:41:55 -0800 


%% Saved with string encoding Unicode (UTF-8) 



@article{bates2005,
	author = {Bates, Douglas and others},
	date-added = {2022-02-07 21:41:51 -0800},
	date-modified = {2022-02-07 21:41:53 -0800},
	journal = {R news},
	number = {1},
	pages = {27--30},
	title = {Fitting linear mixed models in R},
	volume = {5},
	year = {2005}}

@book{embretson2013,
	author = {Embretson, Susan E and Reise, Steven P},
	date-added = {2022-02-07 21:41:43 -0800},
	date-modified = {2022-02-07 21:41:53 -0800},
	publisher = {Psychology Press},
	title = {Item response theory},
	year = {2013}}

@article{jennrich1966,
	author = {Jennrich, Robert I and Sampson, PF},
	date-added = {2022-02-07 21:41:35 -0800},
	date-modified = {2022-02-07 21:41:53 -0800},
	journal = {Psychometrika},
	number = {3},
	pages = {313--323},
	publisher = {Springer},
	title = {Rotation for simple loadings},
	volume = {31},
	year = {1966}}

@article{bock1981,
	author = {Bock, R Darrell and Aitkin, Murray},
	date-added = {2022-02-07 21:41:25 -0800},
	date-modified = {2022-02-07 21:41:53 -0800},
	journal = {Psychometrika},
	number = {4},
	pages = {443--459},
	publisher = {Springer},
	title = {Marginal maximum likelihood estimation of item parameters: Application of an EM algorithm},
	volume = {46},
	year = {1981}}

@article{jank2005,
	author = {Jank, Wolfgang},
	date-added = {2022-02-07 21:41:16 -0800},
	date-modified = {2022-02-07 21:41:53 -0800},
	journal = {Computational statistics \& data analysis},
	number = {4},
	pages = {685--701},
	publisher = {Elsevier},
	title = {Quasi-Monte Carlo sampling to improve the efficiency of Monte Carlo EM},
	volume = {48},
	year = {2005}}

@book{baker2004,
	author = {Baker, Frank B and Kim, Seock-Ho},
	date-added = {2022-02-07 21:41:09 -0800},
	date-modified = {2022-02-07 21:41:53 -0800},
	publisher = {CRC press},
	title = {Item response theory: Parameter estimation techniques},
	year = {2004}}

@article{bergner2012,
	author = {Bergner, Yoav and Droschler, Stefan and Kortemeyer, Gerd and Rayyan, Saif and Seaton, Daniel and Pritchard, David E},
	date-added = {2022-02-07 21:41:01 -0800},
	date-modified = {2022-02-07 21:41:53 -0800},
	journal = {International Educational Data Mining Society},
	publisher = {ERIC},
	title = {Model-Based Collaborative Filtering Analysis of Student Response Data: Machine-Learning Item Response Theory.},
	year = {2012}}

@article{mcdonald1995,
	author = {McDonald, Roderick P and Mok, Magdalena M-C},
	date-added = {2022-02-07 21:40:46 -0800},
	date-modified = {2022-02-07 21:40:50 -0800},
	journal = {Multivariate Behavioral Research},
	number = {1},
	pages = {23--40},
	publisher = {Taylor \& Francis},
	title = {Goodness of fit in item response models},
	volume = {30},
	year = {1995}}

@article{maydeu-olivares2013,
	author = {Maydeu-Olivares, Alberto},
	date-added = {2022-02-07 21:40:37 -0800},
	date-modified = {2022-02-07 21:40:50 -0800},
	journal = {Measurement: Interdisciplinary Research and Perspectives},
	number = {3},
	pages = {71--101},
	publisher = {Taylor \& Francis},
	title = {Goodness-of-fit assessment of item response theory models},
	volume = {11},
	year = {2013}}

@article{van-der-maas2006,
	author = {Van Der Maas, Han LJ and Dolan, Conor V and Grasman, Raoul PPP and Wicherts, Jelte M and Huizenga, Hilde M and Raijmakers, Maartje EJ},
	date-added = {2022-02-07 21:40:28 -0800},
	date-modified = {2022-02-07 21:40:50 -0800},
	journal = {Psychological review},
	number = {4},
	pages = {842},
	publisher = {American Psychological Association},
	title = {A dynamical model of general intelligence: the positive manifold of intelligence by mutualism.},
	volume = {113},
	year = {2006}}

@article{maraun2003,
	author = {Maraun, M},
	date-added = {2022-02-07 21:40:19 -0800},
	date-modified = {2022-02-07 21:40:50 -0800},
	journal = {Unpublished Manuscript. Retrieved from http://www. sfu. ca/\~{} maraun/myths-and-confusions. html},
	title = {Myths and confusions: Psychometrics and the latent variable model},
	year = {2003}}

@article{bork2017,
	author = {van Bork, Riet and Epskamp, Sacha and Rhemtulla, Mijke and Borsboom, Denny and van der Maas, Han LJ},
	date-added = {2022-02-07 21:40:10 -0800},
	date-modified = {2022-02-07 21:40:50 -0800},
	journal = {Theory \& Psychology},
	number = {6},
	pages = {759--773},
	publisher = {Sage Publications Sage UK: London, England},
	title = {What is the p-factor of psychopathology? Some risks of general factor modeling},
	volume = {27},
	year = {2017}}

@article{feldman2000,
	author = {Feldman, Heidi M and Dollaghan, Christine A and Campbell, Thomas F and Kurs-Lasky, Marcia and Janosky, Janine E and Paradise, Jack L},
	date-added = {2022-02-07 21:40:00 -0800},
	date-modified = {2022-02-07 21:40:50 -0800},
	journal = {Child development},
	number = {2},
	pages = {310--322},
	publisher = {Wiley Online Library},
	title = {Measurement properties of the MacArthur Communicative Development Inventories at ages one and two years},
	volume = {71},
	year = {2000}}

@article{spelke1992,
	author = {Spelke, Elizabeth S and Breinlinger, Karen and Macomber, Janet and Jacobson, Kristen},
	date-added = {2022-02-07 21:39:52 -0800},
	date-modified = {2022-02-07 21:40:50 -0800},
	journal = {Psychological review},
	number = {4},
	pages = {605},
	publisher = {American Psychological Association},
	title = {Origins of knowledge.},
	volume = {99},
	year = {1992}}

@article{piantadosi1988,
	author = {Piantadosi, Steven and Byar, David P and Green, Sylvan B},
	date-added = {2022-02-07 21:39:40 -0800},
	date-modified = {2022-02-07 21:40:50 -0800},
	journal = {American journal of epidemiology},
	number = {5},
	pages = {893--904},
	publisher = {Citeseer},
	title = {The ecological fallacy},
	volume = {127},
	year = {1988}}

@article{stone1974,
	author = {Stone, Mervyn},
	date-added = {2022-02-07 21:39:26 -0800},
	date-modified = {2022-02-07 21:40:50 -0800},
	journal = {Journal of the royal statistical society: Series B (Methodological)},
	number = {2},
	pages = {111--133},
	publisher = {Wiley Online Library},
	title = {Cross-validatory choice and assessment of statistical predictions},
	volume = {36},
	year = {1974}}

@article{chalmers2012mirt,
	author = {Chalmers, R Philip},
	date-added = {2022-02-07 21:39:13 -0800},
	date-modified = {2022-02-07 21:39:13 -0800},
	journal = {Journal of statistical Software},
	pages = {1--29},
	title = {mirt: A multidimensional item response theory package for the R environment},
	volume = {48},
	year = {2012}}

@article{lord1980,
	author = {Lord, Frederic M},
	date-added = {2022-02-07 21:38:57 -0800},
	date-modified = {2022-02-07 21:39:01 -0800},
	journal = {Inc, Hillsdale, NJ},
	title = {Applications of Item Response Theory to Practical Testing Problems. Lawrence Eribaum Associates},
	year = {1980}}

@article{milne-ives2020,
	author = {Milne-Ives, Madison and van Velthoven, Michelle Helena and Meinert, Edward},
	date-added = {2022-02-07 21:38:46 -0800},
	date-modified = {2022-02-07 21:39:01 -0800},
	journal = {Journal of the American Medical Informatics Association},
	number = {6},
	pages = {976--980},
	publisher = {Oxford University Press},
	title = {Mobile apps for real-world evidence in health care},
	volume = {27},
	year = {2020}}

@book{frank2021,
	author = {Frank, Michael C and Braginsky, Mika and Yurovsky, Daniel and Marchman, Virginia A},
	date-added = {2022-02-07 21:38:33 -0800},
	date-modified = {2022-02-07 21:39:01 -0800},
	publisher = {MIT Press},
	title = {Variability and consistency in early language learning: The Wordbank project},
	year = {2021}}

@article{tsai2015,
	author = {Tsai, Chun-Wei and Lai, Chin-Feng and Chao, Han-Chieh and Vasilakos, Athanasios V},
	date-added = {2022-02-07 21:38:23 -0800},
	date-modified = {2022-02-07 21:39:01 -0800},
	journal = {Journal of Big data},
	number = {1},
	pages = {1--32},
	publisher = {SpringerOpen},
	title = {Big data analytics: a survey},
	volume = {2},
	year = {2015}}

@article{li2004,
	author = {Li, Shu-Chen and Lindenberger, Ulman and Hommel, Bernhard and Aschersleben, Gisa and Prinz, Wolfgang and Baltes, Paul B},
	date-added = {2022-02-07 21:38:11 -0800},
	date-modified = {2022-02-07 21:39:01 -0800},
	journal = {Psychological science},
	number = {3},
	pages = {155--163},
	publisher = {SAGE Publications Sage CA: Los Angeles, CA},
	title = {Transformations in the couplings among intellectual abilities and constituent cognitive processes across the life span},
	volume = {15},
	year = {2004}}

@article{hartung2018,
	author = {Hartung, Johanna and Doebler, Philipp and Schroeders, Ulrich and Wilhelm, Oliver},
	date-added = {2022-02-07 21:37:59 -0800},
	date-modified = {2022-02-07 21:39:01 -0800},
	journal = {Intelligence},
	pages = {37--49},
	publisher = {Elsevier},
	title = {Dedifferentiation and differentiation of intelligence in adults across age and years of education},
	volume = {69},
	year = {2018}}

@article{shing2010,
	author = {Shing, Yee Lee and Lindenberger, Ulman and Diamond, Adele and Li, Shu-Chen and Davidson, Matthew C},
	date-added = {2022-02-07 21:37:45 -0800},
	date-modified = {2022-02-07 21:39:01 -0800},
	journal = {Developmental Neuropsychology},
	number = {6},
	pages = {679--697},
	publisher = {Taylor \& Francis},
	title = {Memory maintenance and inhibitory control differentiate from early childhood to adolescence},
	volume = {35},
	year = {2010}}

@article{juan-espinosa2006,
	author = {Juan-Espinosa, Manuel and Cuevas, Lara and Escorial, Sergio and Garc{\'\i}a, Luis F},
	date-added = {2022-02-07 21:37:35 -0800},
	date-modified = {2022-02-07 21:39:01 -0800},
	journal = {The Journal of genetic psychology},
	number = {1},
	pages = {5--15},
	publisher = {Taylor \& Francis},
	title = {Testing the indifferentiation hypothesis during childhood, adolescence, and adulthood},
	volume = {167},
	year = {2006}}

@article{hulur2015,
	author = {H{\"u}l{\"u}r, Gizem and Ram, Nilam and Willis, Sherry L and Schaie, K Warner and Gerstorf, Denis},
	date-added = {2022-02-07 21:37:23 -0800},
	date-modified = {2022-02-07 21:39:01 -0800},
	journal = {Psychology and Aging},
	number = {2},
	pages = {311},
	publisher = {American Psychological Association},
	title = {Cognitive dedifferentiation with increasing age and proximity of death: Within-person evidence from the Seattle Longitudinal Study.},
	volume = {30},
	year = {2015}}

@article{breit2020,
	author = {Breit, Moritz and Brunner, Martin and Preckel, Franzis},
	date-added = {2022-02-07 21:36:15 -0800},
	date-modified = {2022-02-07 21:39:01 -0800},
	journal = {Developmental psychology},
	number = {2},
	pages = {364},
	publisher = {American Psychological Association},
	title = {General intelligence and specific cognitive abilities in adolescence: Tests of age differentiation, ability differentiation, and their interaction in two large samples.},
	volume = {56},
	year = {2020}}

@article{breit2021,
	author = {Breit, Moritz and Brunner, Martin and Preckel, Franzis},
	date-added = {2022-02-07 21:36:06 -0800},
	date-modified = {2022-02-07 21:39:01 -0800},
	journal = {Developmental Psychology},
	publisher = {American Psychological Association},
	title = {Age and ability differentiation in children: A review and empirical investigation.},
	year = {2021}}

@article{lienert1964,
	author = {Lienert, GA and Crott, HW},
	date-added = {2022-02-07 21:35:34 -0800},
	date-modified = {2022-02-07 21:39:01 -0800},
	journal = {Vita Humana},
	pages = {147--163},
	publisher = {JSTOR},
	title = {Studies on the factor structure of intelligence in children, adolescents, and adults},
	year = {1964}}

@article{garrett1946,
	author = {Garrett, Henry E},
	date-added = {2022-02-07 21:35:16 -0800},
	date-modified = {2022-02-07 21:39:01 -0800},
	journal = {American Psychologist},
	number = {9},
	pages = {372},
	publisher = {American Psychological Association},
	title = {A developmental theory of intelligence.},
	volume = {1},
	year = {1946}}

@article{mccoy2019,
	author = {McCoy, Dana C and Gonzalez, Kathryn and Jones, Stephanie},
	date-added = {2022-02-07 21:35:04 -0800},
	date-modified = {2022-02-07 21:39:01 -0800},
	journal = {Child development},
	number = {5},
	pages = {1544--1558},
	publisher = {Wiley Online Library},
	title = {Preschool Self-Regulation and Preacademic Skills as Mediators of the Long-Term Impacts of an Early Intervention},
	volume = {90},
	year = {2019}}

@article{sheldrick2019,
	author = {Sheldrick, R Christopher and Schlichting, Lauren E and Berger, Blythe and Clyne, Ailis and Ni, Pensheng and Perrin, Ellen C and Vivier, Patrick M},
	date-added = {2022-02-07 21:34:23 -0800},
	date-modified = {2022-02-07 21:39:01 -0800},
	journal = {Pediatrics},
	number = {6},
	publisher = {American Academy of Pediatrics},
	title = {Establishing new norms for developmental milestones},
	volume = {144},
	year = {2019}}

@article{gelman1983,
	author = {Gelman, Rochel and Baillargeon, Renee},
	date-added = {2022-02-07 21:34:23 -0800},
	date-modified = {2022-02-07 21:39:01 -0800},
	journal = {Handbook of child psychology: formerly Carmichael's Manual of child psychology/Paul H. Mussen, editor},
	publisher = {New York: Wiley, c1983.},
	title = {Review of some Piagetian concepts},
	year = {1983}}

@article{flavell1963,
	author = {Flavell, John H},
	date-added = {2022-02-07 21:34:23 -0800},
	date-modified = {2022-02-07 21:39:01 -0800},
	publisher = {D van Nostrand},
	title = {The developmental psychology of Jean Piaget.},
	year = {1963}}

@article{bricker1999,
	author = {Bricker, Diane and Squires, Jane and Mounts, Linda and Potter, L and Nickel, Robert and Twombly, Elizabeth and Farrell, Jane},
	date-added = {2022-02-07 21:34:23 -0800},
	date-modified = {2022-02-07 21:39:01 -0800},
	journal = {Baltimore, MD: Paul H. Brookes},
	title = {Ages and stages questionnaire},
	year = {1999}}

@book{bayley2009,
	author = {Bayley, Nancy},
	date-added = {2022-02-07 21:34:23 -0800},
	date-modified = {2022-02-07 21:39:01 -0800},
	publisher = {Giunti OS},
	title = {Bayley-III: Bayley Scales of infant and toddler development},
	year = {2009}}

@article{mindell2016,
  title={Sleep well!: A pilot study of an education campaign to improve sleep of socioeconomically disadvantaged children},
  author={Mindell, Jodi A and Sedmak, Rebecca and Boyle, Julia T and Butler, Rachel and Williamson, Ariel A},
  journal={Journal of clinical sleep medicine},
  volume={12},
  number={12},
  pages={1593--1599},
  year={2016},
  publisher={American Academy of Sleep Medicine}
}